 %**********************************************************************************************************************
% musím se postarat o diakritiku v příjmeních

%%% ML: rozsirit seznam referenci

@Book{diveintopython,
  title=	{Dive Into Python},
  author=	{Mark Pilgrim},
  publisher=	{Apress},
  year=		{2004},
  isbn =	{978-1-59059-356-1},
}

@Booklet{ucebnicepython,
  title  =	{Učebnice jazyka Python (aneb Létající cirkus)},
  author=	{Jan Švec},
  year =        {2002},
  url   =	{http://www.root.cz/knihy/ucebnice-jazyka-python/},
  note   =	{Česká verze knihy Python tutorial od Guida van Rossuma a Freda L. Drakea},
}

@Online{vugtk,
  key	=	 {zweb:vugtk},
  author = {Terminologická komise ČÚZK},
  title  =	{Terminologický slovník zeměměřictví a katastru nemovitostí},
  cited =    {2017-05-10},
  url   =	{https://www.vugtk.cz/slovnik},
}

@Online{python,
  key	=	 {zweb:python},
  title  =	{General Python FAQ},
  cited =    {2017-05-10,
  url   =	{https://docs.python.org/3/faq/general.html\#general-python-faq},
}